@article{arima, 
title={Stock Price Prediction using the ARIMA Model}, volume={88},  url={https://drpress.org/ojs/index.php/HSET/article/view/19007},  DOI={10.54097/tzwc1526}, journal={Highlights in Science, Engineering and Technology}, author={Yu, Ziyue}, year={2024}, month={Mar.}, pages={516â€“521} }

@INPROCEEDINGS{sarimax,
    author={Abhijeet  Birari and Harshal  Salunkhe and Prajakta  Yawalkar and Jitendrasinh  Jamadar},
    title={ Predictive Modeling of the IT Index: An In-depth Study Using SARIMAX and Market Indicators},
    proceedings={Proceedings of the 1st International Conference on Artificial Intelligence, Communication, IoT, Data Engineering and Security, IACIDS 2023, 23-25 November 2023, Lavasa, Pune, India},
    publisher={EAI},
    proceedings_a={IACIDS},
    year={2024},
    month={3},
    keywords={time series analysis sarimax forecasting moving averages},
    doi={10.4108/eai.23-11-2023.2343256}
}
@article{linear,
author = {Gupta, Amit and Tj, Nagalakshmi},
year = {2019},
month = {10},
pages = {1382-1385},
title = {Stock Price Prediction using Linear Regression in Machine Learning},
volume = {8},
journal = {International Journal of Innovative Technology and Exploring Engineering},
doi = {10.35940/ijitee.L3932.1081219}
}

@article{adaboost,
author = {Park, Minjae and Lee, Mi and Lee, Jinpyo},
year = {2019},
month = {01},
pages = {243-256},
title = {Predicting Stock Market Indices Using Classification Tools},
volume = {9},
journal = {Asian Economic and Financial Review},
doi = {10.18488/journal.aefr.2019.92.243.256}
}

@article{gbm,
  author = {Nabi, Rebwar M. and Saeed, Soran Ab. M. and Harron, Habibollah},
  title = {A Novel Approach for Stock Price Prediction Using Gradient Boosting Machine with Feature Engineering (GBM-wFE)},
  journal = {Kurdistan Journal of Applied Research},
  volume = {5},
  number = {1},
  year = {2020},
  month = {April},
  day = {30},
  pages = {28--48},
  doi = {10.24017/science.2020.1.3},
  url = {https://doi.org/10.24017/science.2020.1.3},
  keywords = {stock price prediction, gradient boosting machine, feature engineering, ensemble learning},
}


@Article{stacking,
AUTHOR = {Ye, Zi and Wu, Yinxu and Chen, Hui and Pan, Yi and Jiang, Qingshan},
TITLE = {A Stacking Ensemble Deep Learning Model for Bitcoin Price Prediction Using Twitter Comments on Bitcoin},
JOURNAL = {Mathematics},
VOLUME = {10},
YEAR = {2022},
NUMBER = {8},
ARTICLE-NUMBER = {1307},
URL = {https://www.mdpi.com/2227-7390/10/8/1307},
ISSN = {2227-7390},
DOI = {10.3390/math10081307}
}

@article{rnn,
doi = {10.1088/1742-6596/1650/3/032103},
url = {https://dx.doi.org/10.1088/1742-6596/1650/3/032103},
year = {2020},
month = {oct},
publisher = {IOP Publishing},
volume = {1650},
number = {3},
pages = {032103},
author = {Yongqiong Zhu},
title = {Stock price prediction using the RNN model},
journal = {Journal of Physics: Conference Series}
}

 @article{lstm,
title={Stock Price Prediction Using Machine Learning and LSTM-Based Deep Learning Models},
url={http://dx.doi.org/10.36227/techrxiv.15103602.v1},
DOI={10.36227/techrxiv.15103602.v1},
publisher={Institute of Electrical and Electronics Engineers (IEEE)},
author={Sen, Jaydip and Mehtab, Sidra and Dutta, Abhishek},
year={2021},
month=aug }

@article{gru,
  author = {Gupta, Punit and Gao, Ya and Wang, Rong and Zhou, Enmin},
  title = {Stock Prediction Based on Optimized LSTM and GRU Models},
  journal = {Scientific Programming},
  volume = {2021},
  year = {2021},
  month = {September},
  day = {29},
  pages = {4055281},
  issn = {1058-9244},
  doi = {10.1155/2021/4055281},
  url = {https://doi.org/10.1155/2021/4055281},
  publisher = {Hindawi},
}
@article{resnet,
   title={ResNLS: An improved model for stock price forecasting},
   volume={40},
   ISSN={1467-8640},
   url={http://dx.doi.org/10.1111/coin.12608},
   DOI={10.1111/coin.12608},
   number={1},
   journal={Computational Intelligence},
   publisher={Wiley},
   author={Jia, Yuanzhe and Anaissi, Ali and Suleiman, Basem},
   year={2023},
   month=nov }

@inproceedings{cnnlstm,
  title={Stock Price Prediction with CNN-LSTM Network},
  author={Yu Guan and Peiyao Li and Cheng Lu},
  year={2020},
  url={https://api.semanticscholar.org/CorpusID:247595942}
}